<?xml version="1.0" encoding="UTF-8"?>
<collection xmlns:xsi="http://www.w3.org/2001/XMLSchema-instance" xsi:schemaLocation="http://www.loc.gov/MARC21/slim http://www.loc.gov/standards/marcxml/schema/MARC21slim.xsd" xmlns="http://www.loc.gov/MARC21/slim">
<record>
  <leader>01546cam a2200313 a 4500</leader>
  <controlfield tag="001">3080145</controlfield>
  <controlfield tag="003">NNC</controlfield>
  <controlfield tag="005">20130520200918.0</controlfield>
  <controlfield tag="008">870518s1905    ua a          000 0 arar </controlfield>
  <datafield tag="010" ind1=" " ind2=" ">
    <subfield code="a">   86001744 </subfield>
  </datafield>
  <datafield tag="035" ind1=" " ind2=" ">
    <subfield code="a">(OCoLC)ocm15702888</subfield>
  </datafield>
  <datafield tag="035" ind1=" " ind2=" ">
    <subfield code="9">ATQ5218CU</subfield>
  </datafield>
  <datafield tag="035" ind1=" " ind2=" ">
    <subfield code="a">(NNC)3080145</subfield>
  </datafield>
  <datafield tag="035" ind1=" " ind2=" ">
    <subfield code="a">3080145</subfield>
  </datafield>
  <datafield tag="040" ind1=" " ind2=" ">
    <subfield code="a">DLC</subfield>
    <subfield code="c">IUL</subfield>
    <subfield code="d">IUL</subfield>
    <subfield code="d">OCL</subfield>
    <subfield code="d">ZCU</subfield>
  </datafield>
  <datafield tag="050" ind1="0" ind2=" ">
    <subfield code="a">BP166</subfield>
    <subfield code="b">.R37 1905</subfield>
  </datafield>
  <datafield tag="099" ind1=" " ind2=" ">
    <subfield code="a">893.791</subfield>
    <subfield code="a">R219</subfield>
  </datafield>
  <datafield tag="100" ind1="1" ind2=" ">
    <subfield code="a">Rāzī, Fakhr al-Dīn Muḥammad ibn ʻUmar,</subfield>
    <subfield code="d">1149 or 1150-1210.</subfield>
  </datafield>
  <datafield tag="240" ind1="1" ind2="0">
    <subfield code="a">Muḥaṣṣal afkār al mutaqaddimīn wa-al-mutaʼakhkhirīn</subfield>
  </datafield>
  <datafield tag="245" ind1="0" ind2="0">
    <subfield code="a">Kitāb Muḥaṣṣal afkār al-mutaqaddimīn wa-al-mutaʾakhkhirīn min al-ʻulamāʾ wa-al-mutakallimīn /</subfield>
    <subfield code="c">taʾlīf Fakhr al-Dīn Muḥammad ibn ʻUmar al-Rāzī. Wa-qad dhayyalnāh bi-kitāb Talkhīṣ al-Muḥaṣṣal / li-Naṣīr al-Dīn al-Ṭūsī ; wa-washshaynā ṭurarahu bi-kitāb Maʻālim uṣūl al-dīn / li-Fakhr al-Dīn al-madhkūr.</subfield>
  </datafield>
  <datafield tag="250" ind1=" " ind2=" ">
    <subfield code="a">al-Ṭabʻah 1.</subfield>
  </datafield>
  <datafield tag="260" ind1=" " ind2=" ">
    <subfield code="a">[Cairo] :</subfield>
    <subfield code="b">al-Maṭbaʻah al-Ḥusaynīyah al-Miṣrīyah,</subfield>
    <subfield code="c">[1905]</subfield>
  </datafield>
  <datafield tag="300" ind1=" " ind2=" ">
    <subfield code="a">2, 5, 183 p. :</subfield>
    <subfield code="b">ill. ;</subfield>
    <subfield code="c">28 cm.</subfield>
  </datafield>
  <datafield tag="500" ind1=" " ind2=" ">
    <subfield code="a">Romanized record.</subfield>
  </datafield>
  <datafield tag="650" ind1=" " ind2="0">
    <subfield code="a">Islam</subfield>
    <subfield code="x">Doctrines</subfield>
    <subfield code="v">Early works to 1800.</subfield>
  </datafield>
  <datafield tag="700" ind1="1" ind2=" ">
    <subfield code="a">Ṭūsī, Naṣīr al-Dīn Muḥammad ibn Muḥammad,</subfield>
    <subfield code="d">1201-1274.</subfield>
    <subfield code="t">Talkhīṣ al-Muḥaṣṣal.</subfield>
  </datafield>
  <datafield tag="700" ind1="1" ind2=" ">
    <subfield code="a">Rāzī, Fakhr al-Dīn Muḥammad ibn ʻUmar,</subfield>
    <subfield code="d">1149 or 1150-1210.</subfield>
    <subfield code="t">Maʻālim uṣūl al-dīn.</subfield>
  </datafield>
  <datafield tag="740" ind1="0" ind2="1">
    <subfield code="a">Muḥaṣṣal afkār al-mutaqaddimīn wa-al-mutaʾakhkhirīn.</subfield>
  </datafield>
  <datafield tag="955" ind1=" " ind2=" ">
    <subfield code="b">CU58895540</subfield>
    <subfield code="d">off,glx</subfield>
    <subfield code="e">893.791 R219</subfield>
  </datafield>
</record>
</collection>